%%%%%%%%%%%%%%%%%%%%%%%%%%%%%%%%%%%%%%
%%%%% Examples of common entries %%%%%
%%%%%%%%%%%%%%%%%%%%%%%%%%%%%%%%%%%%%%

@article{example-article,
    author = {I. Surname and I. Surname and I. Surname},
    title = {The Title of the Article},
    journal = {The Title of the Journal},
    volume = {1},
    number = {2},
    pages = {123-456},
    year = {2000},
    note = {}
}

@book{example-book,
    author = {I. Surname and I. Surname and I. Surname},
    title = {The Title of the Book},
    publisher = {Publisher},
    year = {2000},
    edition = {8th ed.},
    address = {City, State or Country},
    note = {}
}

@online{example-website,
    author = {{Website Name} <OR> I. Surname and I. Surname and I. Surname},
    title = {Title of the Website},
    url = {https://example.com},
    urldate = {2020-12-24},
    year = {2000}
}

%%%%%%%%%%%%%%%%%%%%%%%%%%%%%%%%%
%%%%% Start of bibliography %%%%%
%%%%%%%%%%%%%%%%%%%%%%%%%%%%%%%%%

@online{fiberoptics4sale, title={Basic optics for optical fiber}, url={https://www.fiberoptics4sale.com/blogs/archive-posts/95048070-basic-optics-for-optical-fiber}, journal={Fosco Connect}, author={fiberoptics4sale}} 

@online{vialite_communications, title={Erbium-doped fiber amplifiers (EDFA)}, url={https://www.vialite.com/product/erbium-doped-fiber-amplifiers-edfa/}, journal={ViaLite Communications}, year={2022}, month={Apr}}

@book{paschotta2010field,
  title={Field Guide to Optical Fiber Technology},
  author={Paschotta, R.},
  isbn={9780819480903},
  lccn={2009049649},
  series={Field Guides},
  year={2010},
  publisher={SPIE Press}
}

@book{agrawal2012nonlinear,
  title={Nonlinear Fiber Optics},
  author={Agrawal, G.P.},
  isbn={9780123970237},
  lccn={2013431001},
  series={Optics and Photonics},
  year={2012},
  publisher={Elsevier Science}
}

@book{agrawal2020app,
  title={Applications of Nonlinear Fiber Optics},
  author={Agrawal, G.P.},
  isbn={9780128170403},
  edition = {3rd ed.},
  year={2020},
  publisher={Academic Press}
}

@book{becker1999erbium,
  title={Erbium-Doped Fiber Amplifiers: Fundamentals and Technology},
  author={Becker, P.M. and Olsson, A.A. and Simpson, J.R.},
  isbn={9780080505848},
  series={Optics and Photonics},
  year={1999},
  publisher={Academic Press}
}

@book{premaratne_agrawal_2011, 
place={Cambridge},
title={Light Propagation in Gain Media: Optical Amplifiers},
DOI={10.1017/CBO9780511973635},
publisher={Cambridge University Press},
author={Premaratne, M. and Agrawal, G. P.},
year={2011}
}

@book{desurvire2002erbium,
  title={Erbium-Doped Fiber Amplifiers: Principles and Applications},
  author={Desurvire, E.},
  isbn={9780471589778},
  lccn={2003276428},
  series={Wiley Series in Telecommunications and Signal Processing},
  year={2002},
  publisher={Wiley}
}

@book{digonnet2001rare,
  title={Rare-Earth-Doped Fiber Lasers and Amplifiers},
  author={Digonnet, M.J.F.},
  edition = {2nd ed.},
  isbn={9780824704582},
  series={Optical Science and Engineering},
  DOI={10.1201/9780203904657},
  year={2001},
  publisher={CRC Press}
}

@article{giles1991,
  author={Giles, C.R. and Desurvire, E.},
  journal={Journal of Lightwave Technology}, 
  title={Modeling erbium-doped fiber amplifiers}, 
  year={1991},
  volume={9},
  number={2},
  pages={271-283},
  DOI={10.1109/50.65886},
  ISSN={1558-2213},
  month={2}}
  
@article{petersen1991,
  author={Pedersen, B. and Bjarklev, A. and Povlsen, J.H. and Dybdal, K. and Larsen, C.C.},
  journal={Journal of Lightwave Technology}, 
  title={The design of erbium-doped fiber amplifiers}, 
  year={1991},
  volume={9},
  number={9},
  pages={1105-1112},
  DOI={10.1109/50.85807},
  ISSN={1558-2213},
  month={9}}
  
@online{thorlabs,
title={Thorlabs, Inc. - your source for fiber optics, laser diodes, optical instrumentation and polarization measurement \& control}, url={https://www.thorlabs.com/}, journal={Thorlabs, Inc. - Your Source for Fiber Optics, Laser Diodes, Optical Instrumentation and Polarization Measurement \& Control}
}

@article{chkalov_butterfly,
  author={Chkalov, Ruslan and Kochuev, Dmitriy and Vasilchenkova, Darya},
  booktitle={2019 International Russian Automation Conference (RusAutoCon)}, 
  title={Precision Medium-Power Laser Diode Drivers: Design Principles and Functional Features}, 
  year={2019},
  volume={},
  number={},
  pages={1-5},
  doi={10.1109/RUSAUTOCON.2019.8867605}
}

@online{teardownofbutterfly,
    title = {500mW VBG stabilized fiber optic laser module teardown},
    date = {2013},
    organization = {Youtube},
    author = {tesla500},
    url = {https://www.youtube.com/watch?v=3zkTlTWyNGw},}
    
@book{hecht2006understanding,
  title={Understanding Fiber Optics},
  author={Hecht, J.},
  isbn={9780131174290},
  lccn={2005003194},
  url={https://books.google.com.tr/books?id=jiMfAQAAIAAJ},
  year={2006},
  publisher={Pearson/Prentice Hall}
}
