%%%%%%%%%%%%%%%%%%%%%%%%%%%%%%%%%%%%%%
%%%%% Examples of common entries %%%%%
%%%%%%%%%%%%%%%%%%%%%%%%%%%%%%%%%%%%%%

@article{example-article,
    author = {I. Surname and I. Surname and I. Surname},
    title = {The Title of the Article},
    journal = {The Title of the Journal},
    volume = {1},
    number = {2},
    pages = {123-456},
    year = {2000},
    note = {}
}

@book{example-book,
    author = {I. Surname and I. Surname and I. Surname},
    title = {The Title of the Book},
    publisher = {Publisher},
    year = {2000},
    edition = {8th ed.},
    address = {City, State or Country},
    note = {}
}

@online{example-website,
    author = {{Website Name} <OR> I. Surname and I. Surname and I. Surname},
    title = {Title of the Website},
    url = {https://example.com},
    urldate = {2020-12-24},
    year = {2000}
}

%%%%%%%%%%%%%%%%%%%%%%%%%%%%%%%%%
%%%%% Start of bibliography %%%%%
%%%%%%%%%%%%%%%%%%%%%%%%%%%%%%%%%

@book{paschotta2010field,
  title={Field Guide to Optical Fiber Technology},
  author={Paschotta, R.},
  isbn={9780819480903},
  lccn={2009049649},
  series={Field Guides},
  year={2010},
  publisher={SPIE Press}
}

@book{agrawal2012nonlinear,
  title={Nonlinear Fiber Optics},
  author={Agrawal, G.P.},
  isbn={9780123970237},
  lccn={2013431001},
  series={Optics and Photonics},
  year={2012},
  publisher={Elsevier Science}
}

@book{agrawal2020app,
  title={Applications of Nonlinear Fiber Optics},
  author={Agrawal, G.P.},
  isbn={9780128170403},
  edition = {3rd ed.},
  year={2020},
  publisher={Academic Press}
}

@book{becker1999erbium,
  title={Erbium-Doped Fiber Amplifiers: Fundamentals and Technology},
  author={Becker, P.M. and Olsson, A.A. and Simpson, J.R.},
  isbn={9780080505848},
  series={Optics and Photonics},
  year={1999},
  publisher={Academic Press}
}

@book{premaratne_agrawal_2011, 
place={Cambridge},
title={Light Propagation in Gain Media: Optical Amplifiers},
DOI={10.1017/CBO9780511973635},
publisher={Cambridge University Press},
author={Premaratne, M. and Agrawal, G. P.},
year={2011}
}

@book{desurvire2002erbium,
  title={Erbium-Doped Fiber Amplifiers: Principles and Applications},
  author={Desurvire, E.},
  isbn={9780471589778},
  lccn={2003276428},
  series={Wiley Series in Telecommunications and Signal Processing},
  year={2002},
  publisher={Wiley}
}

@book{digonnet2001rare,
  title={Rare-Earth-Doped Fiber Lasers and Amplifiers},
  author={Digonnet, M.J.F.},
  edition = {2nd ed.},
  isbn={9780824704582},
  series={Optical Science and Engineering},
  DOI={10.1201/9780203904657},
  year={2001},
  publisher={CRC Press}
}

@article{giles1991,
  author={Giles, C.R. and Desurvire, E.},
  journal={Journal of Lightwave Technology}, 
  title={Modeling erbium-doped fiber amplifiers}, 
  year={1991},
  volume={9},
  number={2},
  pages={271-283},
  DOI={10.1109/50.65886},
  ISSN={1558-2213},
  month={2}}
  
@article{petersen1991,
  author={Pedersen, B. and Bjarklev, A. and Povlsen, J.H. and Dybdal, K. and Larsen, C.C.},
  journal={Journal of Lightwave Technology}, 
  title={The design of erbium-doped fiber amplifiers}, 
  year={1991},
  volume={9},
  number={9},
  pages={1105-1112},
  DOI={10.1109/50.85807},
  ISSN={1558-2213},
  month={9}}